@article{gelfert2018fake,
  title={Fake news: a definition},
  author={Gelfert, Axel},
  journal={Informal Logic},
  volume={38},
  number={1},
  pages={84--117},
  year={2018}
}

@article{matsa2018news,
  title={News Use Across Social Medial Platforms 2018},
  author={Matsa, Katerina Eva and Shearer, Elisa},
  year={2018},
  journal={Pew Research Center, Journalism and Media}
}

@article{smith2018social,
  title={Social Media Use in 2018},
  author={Smith, Aaron and Anderson, Monica},
  year={2018},
  publisher={Pew Research Center},
  journal={Pew Research Center}
}

@article{balmas2014fake,
  title={When fake news becomes real: Combined exposure to multiple news sources and political attitudes of inefficacy, alienation, and cynicism},
  author={Balmas, Meital},
  journal={Communication Research},
  volume={41},
  number={3},
  pages={430--454},
  year={2014},
  publisher={Sage Publications Sage CA: Los Angeles, CA}
}

@article{silverman2016analysis,
  title={This analysis shows how viral fake election news stories outperformed real news on Facebook},
  author={Silverman, Craig},
  journal={BuzzFeed News},
  volume={16},
  year={2016}
}

@article{silverman2016most,
  title={Most Americans who see fake news believe it, new survey says},
  author={Silverman, Craig and Singer-Vine, Jeremy},
  journal={BuzzFeed News},
  year={2016}
}

@article{parkinson2016click,
  title={Click and elect: how fake news helped Donald Trump win a real election},
  author={Parkinson, Hannah Jane},
  journal={The Guardian},
  volume={14},
  year={2016}
}

@article{read2016donald,
  title={Donald Trump won because of Facebook},
  author={Read, Max},
  journal={New York Magazine},
  volume={9},
  year={2016}
}

@article{dewey2016facebook,
  title={Facebook fake-news writer:‘I think Donald Trump is in the White House because of me.’},
  author={Dewey, Caitlin},
  journal={The Washington Post},
  volume={17},
  year={2016}
}

@article{shu2017fake,
  title={Fake news detection on social media: A data mining perspective},
  author={Shu, Kai and Sliva, Amy and Wang, Suhang and Tang, Jiliang and Liu, Huan},
  journal={ACM SIGKDD Explorations Newsletter},
  volume={19},
  number={1},
  pages={22--36},
  year={2017},
  publisher={ACM}
}

@article{reinemann2012hard,
  title={Hard and soft news: A review of concepts, operationalizations and key findings},
  author={Reinemann, Carsten and Stanyer, James and Scherr, Sebastian and Legnante, Guido},
  journal={Journalism},
  volume={13},
  number={2},
  pages={221--239},
  year={2012},
  publisher={Sage Publications Sage UK: London, England}
}

@book{shoemaker2012news,
  title={News around the world: Content, practitioners, and the public},
  author={Shoemaker, Pamela J and Cohen, Akiba A},
  year={2012},
  publisher={Routledge}
}

@inproceedings{granik2017fake,
  title={Fake news detection using naive Bayes classifier},
  author={Granik, Mykhailo and Mesyura, Volodymyr},
  booktitle={Electrical and Computer Engineering (UKRCON), 2017 IEEE First Ukraine Conference on},
  pages={900--903},
  year={2017},
  organization={IEEE}
}

@inproceedings{wiegand2016veracity,
  title={Veracity and velocity of social media content during breaking news: Analysis of November 2015 Paris shootings},
  author={Wiegand, Stefanie and Middleton, Stuart E},
  booktitle={Proceedings of the 25th international conference companion on world wide web},
  pages={751--756},
  year={2016},
  organization={International World Wide Web Conferences Steering Committee}
}

@article{allcott2017social,
  title={Social media and fake news in the 2016 election},
  author={Allcott, Hunt and Gentzkow, Matthew},
  journal={Journal of Economic Perspectives},
  volume={31},
  number={2},
  pages={211--36},
  year={2017}
}

@inproceedings{gilda2017evaluating,
  title={Evaluating machine learning algorithms for fake news detection},
  author={Gilda, Shlok},
  booktitle={Research and Development (SCOReD), 2017 IEEE 15th Student Conference on},
  pages={110--115},
  year={2017},
  organization={IEEE}
}

@inproceedings{mikolov2013distributed,
  title={Distributed representations of words and phrases and their compositionality},
  author={Mikolov, Tomas and Sutskever, Ilya and Chen, Kai and Corrado, Greg S and Dean, Jeff},
  booktitle={Advances in neural information processing systems},
  pages={3111--3119},
  year={2013}
}

@inproceedings{pennington2014glove,
  title={Glove: Global vectors for word representation},
  author={Pennington, Jeffrey and Socher, Richard and Manning, Christopher},
  booktitle={Proceedings of the 2014 conference on empirical methods in natural language processing (EMNLP)},
  pages={1532--1543},
  year={2014}
}

@article{bojanowski2017enriching,
  title={Enriching Word Vectors with Subword Information},
  author={Bojanowski, Piotr and Grave, Edouard and Joulin, Armand and Mikolov, Tomas},
  journal={Transactions of the Association for Computational Linguistics},
  volume={5},
  year={2017},
  issn={2307-387X},
  pages={135--146}
}

@article{sparck1972statistical,
  title={A statistical interpretation of term specificity and its application in retrieval},
  author={Sparck Jones, Karen},
  journal={Journal of documentation},
  volume={28},
  number={1},
  pages={11--21},
  year={1972},
  publisher={MCB UP Ltd}
}

@incollection{aggarwal2012survey,
  title={A survey of text classification algorithms},
  author={Aggarwal, Charu C and Zhai, ChengXiang},
  booktitle={Mining text data},
  pages={163--222},
  year={2012},
  publisher={Springer}
}

@inproceedings{parikh2018media,
  title={Media-Rich Fake News Detection: A Survey},
  author={Parikh, Shivam B and Atrey, Pradeep K},
  booktitle={2018 IEEE Conference on Multimedia Information Processing and Retrieval (MIPR)},
  year={2018},
  organization={IEEE}
}

@inproceedings{wang2017liar,
  title={" Liar, Liar Pants on Fire": A New Benchmark Dataset for Fake News Detection},
  author={Wang, William Yang},
  booktitle={Proceedings of the 55th Annual Meeting of the Association for Computational Linguistics (Volume 2: Short Papers)},
  volume={2},
  pages={422--426},
  year={2017}
}

@inproceedings{loper2002nltk,
  title={NLTK: The natural language toolkit},
  author={Loper, Edward and Bird, Steven},
  booktitle={Proceedings of the ACL-02 Workshop on Effective tools and methodologies for teaching natural language processing and computational linguistics-Volume 1},
  pages={63--70},
  year={2002},
  organization={Association for Computational Linguistics}
}

@article{porter1980algorithm,
  title={An algorithm for suffix stripping},
  author={Porter, Martin F},
  journal={Program},
  volume={14},
  number={3},
  pages={130--137},
  year={1980},
  publisher={MCB UP Ltd}
}

@inproceedings{silva2003importance,
  title={The importance of stop word removal on recall values in text categorization},
  author={Silva, Catarina and Ribeiro, Bernardete},
  booktitle={Neural Networks, 2003. Proceedings of the International Joint Conference on},
  volume={3},
  pages={1661--1666},
  year={2003},
  organization={IEEE}
}

@inproceedings{joachims1998text,
  title={Text categorization with support vector machines: Learning with many relevant features},
  author={Joachims, Thorsten},
  booktitle={European conference on machine learning},
  pages={137--142},
  year={1998},
  organization={Springer}
}

@article{cortes1995support,
  title={Support-vector networks},
  author={Cortes, Corinna and Vapnik, Vladimir},
  journal={Machine learning},
  volume={20},
  number={3},
  pages={273--297},
  year={1995},
  publisher={Springer}
}

@article{maaten2008visualizing,
  title={Visualizing data using t-SNE},
  author={Maaten, Laurens van der and Hinton, Geoffrey},
  journal={Journal of machine learning research},
  volume={9},
  number={Nov},
  pages={2579--2605},
  year={2008}
}

@article{hunter2007matplotlib,
  title={Matplotlib: A 2D graphics environment},
  author={Hunter, John D},
  journal={Computing in science \& engineering},
  volume={9},
  number={3},
  pages={90--95},
  year={2007},
  publisher={IEEE}
}

@article{vert2004primer,
  title={A primer on kernel methods},
  author={Vert, Jean-Philippe and Tsuda, Koji and Sch{\"o}lkopf, Bernhard},
  journal={Kernel methods in computational biology},
  volume={47},
  pages={35--70},
  year={2004},
  publisher={Cambridge, MA: MIT Press}
}

@article{baum1966statistical,
  title={Statistical inference for probabilistic functions of finite state Markov chains},
  author={Baum, Leonard E and Petrie, Ted},
  journal={The annals of mathematical statistics},
  volume={37},
  number={6},
  pages={1554--1563},
  year={1966},
  publisher={JSTOR}
}

@article{hochreiter1997long,
  title={Long short-term memory},
  author={Hochreiter, Sepp and Schmidhuber, J{\"u}rgen},
  journal={Neural computation},
  volume={9},
  number={8},
  pages={1735--1780},
  year={1997},
  publisher={MIT Press}
}

@inproceedings{cho2014learning,
  title={Learning Phrase Representations using RNN Encoder--Decoder for Statistical Machine Translation},
  author={Cho, Kyunghyun and van Merrienboer, Bart and Gulcehre, Caglar and Bahdanau, Dzmitry and Bougares, Fethi and Schwenk, Holger and Bengio, Yoshua},
  booktitle={Proceedings of the 2014 Conference on Empirical Methods in Natural Language Processing (EMNLP)},
  pages={1724--1734},
  year={2014}
}

@inproceedings{turian2010word,
  title={Word representations: a simple and general method for semi-supervised learning},
  author={Turian, Joseph and Ratinov, Lev and Bengio, Yoshua},
  booktitle={Proceedings of the 48th annual meeting of the association for computational linguistics},
  pages={384--394},
  year={2010},
  organization={Association for Computational Linguistics}
}

@inproceedings{shu2018understanding,
  title={Understanding User Profiles on Social Media for Fake News Detection},
  author={Shu, Kai and Wang, Suhang and Liu, Huan},
  booktitle={2018 IEEE Conference on Multimedia Information Processing and Retrieval (MIPR)},
  pages={430--435},
  year={2018},
  organization={IEEE}
}

@inproceedings{chen2015misleading,
  title={Misleading online content: Recognizing clickbait as false news},
  author={Chen, Yimin and Conroy, Niall J and Rubin, Victoria L},
  booktitle={Proceedings of the 2015 ACM on Workshop on Multimodal Deception Detection},
  pages={15--19},
  year={2015},
  organization={ACM}
}

@inproceedings{conroy2015automatic,
  title={Automatic deception detection: Methods for finding fake news},
  author={Conroy, Niall J and Rubin, Victoria L and Chen, Yimin},
  booktitle={Proceedings of the 78th ASIS\&T Annual Meeting: Information Science with Impact: Research in and for the Community},
  pages={82},
  year={2015},
  organization={American Society for Information Science}
}

@article{chen2015news,
  title={News in an online world: The need for an “automatic crap detector”},
  author={Chen, Yimin and Conroy, Niall J and Rubin, Victoria L},
  journal={Proceedings of the Association for Information Science and Technology},
  volume={52},
  number={1},
  pages={1--4},
  year={2015},
  publisher={Wiley Online Library}
}

@inproceedings{qian2018neural,
  title={Neural User Response Generator: Fake News Detection with Collective User Intelligence.},
  author={Qian, Feng and Gong, ChengYue and Sharma, Karishma and Liu, Yan},
  booktitle={IJCAI},
  pages={3834--3840},
  year={2018}
}

@inproceedings{ma2016detecting,
  title={Detecting Rumors from Microblogs with Recurrent Neural Networks.},
  author={Ma, Jing and Gao, Wei and Mitra, Prasenjit and Kwon, Sejeong and Jansen, Bernard J and Wong, Kam-Fai and Cha, Meeyoung},
  booktitle={IJCAI},
  pages={3818--3824},
  year={2016}
}

@article{shu2018fakenewsnet,
  title={FakeNewsNet: A Data Repository with News Content, Social Context and Dynamic Information for Studying Fake News on Social Media},
  author={Shu, Kai and Mahudeswaran, Deepak and Wang, Suhang and Lee, Dongwon and Liu, Huan},
  journal={arXiv preprint arXiv:1809.01286},
  year={2018}
}

@inproceedings{corney2016million,
  title={What do a million news articles look like?},
  author={Corney, David and Albakour, Dyaa and Martinez-Alvarez, Miguel and Moussa, Samir},
  booktitle={NewsIR@ ECIR},
  pages={42--47},
  year={2016}
}

@article{silverman2015lies,
  title={Lies, damn lies, and viral content: How news websites spread (and Debunk) online rumors, unverified claims and misinformation},
  author={Silverman, Craig},
  journal={Tow Center for Digital Journalism},
  volume={168},
  year={2015}
}

@article{breiman2001random,
  title={Random forests},
  author={Breiman, Leo},
  journal={Machine learning},
  volume={45},
  number={1},
  pages={5--32},
  year={2001},
  publisher={Springer}
}

@article{quinlan1986induction,
  title={Induction of decision trees},
  author={Quinlan, J. Ross},
  journal={Machine learning},
  volume={1},
  number={1},
  pages={81--106},
  year={1986},
  publisher={Springer}
}

@inproceedings{lee2011twitter,
  title={Twitter trending topic classification},
  author={Lee, Kathy and Palsetia, Diana and Narayanan, Ramanathan and Patwary, Md Mostofa Ali and Agrawal, Ankit and Choudhary, Alok},
  booktitle={Data Mining Workshops (ICDMW), 2011 IEEE 11th International Conference on},
  pages={251--258},
  year={2011},
  organization={IEEE}
}

@inproceedings{wang2012baselines,
  title={Baselines and bigrams: Simple, good sentiment and topic classification},
  author={Wang, Sida and Manning, Christopher D},
  booktitle={Proceedings of the 50th Annual Meeting of the Association for Computational Linguistics: Short Papers-Volume 2},
  pages={90--94},
  year={2012},
  organization={Association for Computational Linguistics}
}

@inproceedings{joachims1999transductive,
  title={Transductive inference for text classification using support vector machines},
  author={Joachims, Thorsten},
  booktitle={ICML},
  volume={99},
  pages={200--209},
  year={1999}
}

@article{nigam2000text,
  title={Text classification from labeled and unlabeled documents using EM},
  author={Nigam, Kamal and McCallum, Andrew Kachites and Thrun, Sebastian and Mitchell, Tom},
  journal={Machine learning},
  volume={39},
  number={2-3},
  pages={103--134},
  year={2000},
  publisher={Springer}
}

@article{scikit-learn,
 title={Scikit-learn: Machine Learning in {P}ython},
 author={Pedregosa, F. and Varoquaux, G. and Gramfort, A. and Michel, V.
         and Thirion, B. and Grisel, O. and Blondel, M. and Prettenhofer, P.
         and Weiss, R. and Dubourg, V. and Vanderplas, J. and Passos, A. and
         Cournapeau, D. and Brucher, M. and Perrot, M. and Duchesnay, E.},
 journal={Journal of Machine Learning Research},
 volume={12},
 pages={2825--2830},
 year={2011}
}

@article{tenenbaum2000global,
  title={A global geometric framework for nonlinear dimensionality reduction},
  author={Tenenbaum, Joshua B and De Silva, Vin and Langford, John C},
  journal={science},
  volume={290},
  number={5500},
  pages={2319--2323},
  year={2000},
  publisher={American Association for the Advancement of Science}
}

@article{roweis2000nonlinear,
  title={Nonlinear dimensionality reduction by locally linear embedding},
  author={Roweis, Sam T and Saul, Lawrence K},
  journal={science},
  volume={290},
  number={5500},
  pages={2323--2326},
  year={2000},
  publisher={American Association for the Advancement of Science}
}
